2021 3146
716 133 1040 177 ..43-

423 267 558 317 Fam.
600 267 638 317 Ι.
721 265 1330 319 HEMEROCORISIAE.

276 353 368 414 (Ab
404 353 593 414 ἥμερος,
628 371 704 406 ου,
749 357 868 400 mitis
904 362 950 398 et
984 353 1142 414 κόρις,
1178 370 1274 406 εως,
1310 353 1482 413 cimex).

192 433 438 478 Rostellum
471 433 703 478 acetabula
738 434 903 494 pedum
937 435 1211 478 anteriorum
1245 431 1484 488 excedens,
1518 432 1628 476 sub-

129 512 445 569 cylindricum,
480 512 757 564 sublincare,
799 514 844 556 in
878 513 1056 557 sulcum
1091 518 1278 572 pro-ct
1309 512 1626 556 meso-sterni

127 590 452 636 reclinandum.

192 669 377 730 Degunt
410 672 455 716 in
491 671 674 731 plantis,
710 685 954 731 numquam
991 673 1035 716 in
1069 685 1204 731 aqua,
1231 672 1378 715 rarius
1413 671 1455 714 in
1489 677 1627 720 terra,

127 756 318 793 evocant
349 764 536 794 succum
572 749 723 795 herbis
757 757 802 794 et
838 748 1040 804 ss01·ibus‚
1078 756 1297 809 spargunt
1330 748 1514 794 odorem
1550 764 1628 808 pe—

127 826 340 872 culiarem
375 828 721 873 coriandrinum.

487 907 653 953 Omnes
704 907 842 967 hujus
894 904 1085 952 familiae
1138 914 1266 952 sunt:

544 997 1210 1051 TESSERACONDYLAE.

298 1085 338 1146 (a
368 1097 605 1147 τεσσαρες,
643 1093 839 1147 quatuor
874 1093 919 1131 et
955 1081 1204 1142 κονδυλοι,
1240 1087 1455 1146 articuli).

191 1165 437 1210 Rostellum
473 1165 674 1211 articulis
709 1172 927 1226 quatuor,
974 1172 1026 1210 ut
1059 1167 1221 1226 plantis
1254 1163 1521 1226 profundius
1558 1167 1627 1210 in-

126 1241 205 1305 figi
248 1246 400 1305 possit.

209 1341 457 1403 Tribus
511 1342 563 1403 I.
658 1341 1545 1406 TESSERATOWDAE.

152 1451 192 1511 (a
226 1463 472 1512 τεσσαρες,
516 1457 711 1512 quatuor
746 1458 791 1495 et
825 1451 991 1508 τομὶς,
1037 1448 1138 1504 ὶδος
1177 1450 1352 1513 forceps
1386 1468 1410 1497 a
1443 1453 1603 1511 τέμνω

768 1529 957 1590 scindo).

497 1607 736 1653 Antennae
772 1608 973 1653 articulis
1007 1616 1216 1669 quatuor.

127 1701 161 1747 l.
230 1698 514 1745 Antennae
569 1701 847 1752 clavatae,
911 1703 964 1745 in
1019 1704 1307 1761 epicranio
1360 1704 1622 1757 insertae,

126 1778 461 1837 hemielytra
511 1781 624 1824 sine
676 1779 995 1840 appendice.

188 1872 247 1919 A.
319 1872 560 1917 Rostelli
601 1872 887 1917 articulus
924 1875 1122 1918 tertias
1157 1880 1356 1932 quarto
1391 1873 1621 1918 brevior.

688 1970 1064 2017 COREIDES.

188 2047 245 2093 A.
283 2046 624 2092 Membranae
660 2046 818 2089 nervi
848 2046 1062 2116 ramosi.

189 2141 228 2171 a.
265 2123 509 2170 Scatellam
542 2123 768 2167 obtectam.

404 2215 576 2261 Genus:
622 2214 1120 2261 PHYLLOMORPHA.
1163 2216 1345 2277 Laport.

191 2293 250 2355 (A
286 2292 497 2354 φυλλον,
532 2289 689 2337 folium
726 2299 772 2336 et
806 2292 991 2354 μορφή,
1017 2291 1196 2357 forma).

191 2385 227 2432 S
232 2393 553 2444 yromastes.
597 2385 722 2430 Latr.
777 2386 993 2432 coreas.
1029 2388 1162 2433 Fabr.
1199 2386 1357 2435 Wolff.
1394 2390 1594 2437 Germar.

128 2465 170 2525 (a
206 2476 343 2525 συρα,
381 2463 505 2524 pellis
539 2470 584 2508 et
619 2461 840 2521 μαστεύω
874 2465 1011 2525 peto).

191 2543 336 2599 Quam
369 2544 552 2587 maxime
595 2543 792 2587 mIrabile
835 2543 1089 2588 cimicidum
1128 2559 1296 2603 genus,
1348 2547 1481 2608 cujus
1522 2557 1624 2594 octo

122 2622 214 2683 jam
239 2624 409 2683 species
435 2621 659 2667 Asiaticae
695 2623 784 2665 sive
813 2618 1050 2666 Africanae
1078 2622 1325 2683 descriptae
1353 2627 1483 2671 ctiam
1511 2627 1625 2672 duae

129 2701 175 2745 in
210 2700 387 2761 Europa
422 2699 695 2744 meridionali
738 2699 915 2745 adsunt.
