<?xml version="1.0" encoding="UTF-8"?>
<!DOCTYPE html PUBLIC "-//W3C//DTD XHTML 1.0 Transitional//EN"
    "http://www.w3.org/TR/xhtml1/DTD/xhtml1-transitional.dtd">
<html xmlns="http://www.w3.org/1999/xhtml" xml:lang="en" lang="en">
 <head>
  <title>
</title>
<meta http-equiv="Content-Type" content="text/html;charset=utf-8" />
  <meta name='ocr-system' content='tesseract 3.04.00' />
  <meta name='ocr-capabilities' content='ocr_page ocr_carea ocr_par ocr_line ocrx_word'/>
</head>
<body>
  <div class='ocr_page' id='page_1' title='image "./hemipteracaucasi00kole_0017.png"; bbox 0 0 2110 3220; ppageno 0'>
   <div class='ocr_carea' id='block_1_1' title="bbox 462 758 1185 820">
    <p class='ocr_par' dir='ltr' id='par_1_1' title="bbox 462 758 1185 820">
     <span class='ocr_line' id='line_1_1' title="bbox 462 758 1185 820; baseline -0.001 0"><span class='ocrx_word' id='word_1_1' title='bbox 462 758 1185 820; x_wconf 76' lang='lat' dir='ltr'>Prae-satio</span> 
     </span>
    </p>
   </div>
   <div class='ocr_carea' id='block_1_2' title="bbox 728 946 930 968">
    <p class='ocr_par' dir='ltr' id='par_1_2' title="bbox 728 946 930 968">
     <span class='ocr_line' id='line_1_2' title="bbox 728 946 930 968; baseline -0.01 0"><span class='ocrx_word' id='word_1_2' title='bbox 728 946 930 968; x_wconf 46' lang='grc' dir='ltr'>-τεθμ,</span> 
     </span>
    </p>
   </div>
   <div class='ocr_carea' id='block_1_3' title="bbox 82 1071 1589 1544">
    <p class='ocr_par' dir='ltr' id='par_1_3' title="bbox 82 1071 1589 1544">
     <span class='ocr_line' id='line_1_3' title="bbox 86 1071 1584 1167; baseline 0.001 -17"><span class='ocrx_word' id='word_1_3' title='bbox 86 1071 440 1150; x_wconf 75' lang='lat' dir='ltr'>perfectissima</span> <span class='ocrx_word' id='word_1_4' title='bbox 479 1104 691 1148; x_wconf 79' lang='lat' dir='ltr'><strong>scientiae</strong></span> <span class='ocrx_word' id='word_1_5' title='bbox 735 1102 926 1149; x_wconf 86' lang='lat' dir='ltr'>naturali</span> <span class='ocrx_word' id='word_1_6' title='bbox 963 1104 1017 1149; x_wconf 90' lang='lat' dir='ltr'>ab</span> <span class='ocrx_word' id='word_1_7' title='bbox 1064 1103 1139 1149; x_wconf 86' lang='lat' dir='ltr'>illo</span> <span class='ocrx_word' id='word_1_8' title='bbox 1173 1111 1350 1150; x_wconf 84' lang='lat' dir='ltr'>tantum</span> <span class='ocrx_word' id='word_1_9' title='bbox 1385 1108 1584 1167; x_wconf 79' lang='lat' dir='ltr'>praeberi</span> 
     </span>
     <span class='ocr_line' id='line_1_4' title="bbox 86 1200 1584 1261; baseline 0.003 -16"><span class='ocrx_word' id='word_1_10' title='bbox 86 1215 243 1261; x_wconf 86' lang='lat' dir='ltr'>opera,</span> <span class='ocrx_word' id='word_1_11' title='bbox 298 1202 372 1260; x_wconf 87' lang='lat' dir='ltr'>qui</span> <span class='ocrx_word' id='word_1_12' title='bbox 416 1202 534 1246; x_wconf 87' lang='lat' dir='ltr'>omni</span> <span class='ocrx_word' id='word_1_13' title='bbox 577 1200 727 1246; x_wconf 87' lang='lat' dir='ltr'>studio</span> <span class='ocrx_word' id='word_1_14' title='bbox 763 1203 808 1246; x_wconf 92' lang='lat' dir='ltr'>in</span> <span class='ocrx_word' id='word_1_15' title='bbox 842 1216 933 1245; x_wconf 90' lang='lat' dir='ltr'>uno</span> <span class='ocrx_word' id='word_1_16' title='bbox 967 1206 1144 1245; x_wconf 81' lang='lat' dir='ltr'>tantum</span> <span class='ocrx_word' id='word_1_17' title='bbox 1179 1208 1386 1247; x_wconf 82' lang='lat' dir='ltr'>versatur</span> <span class='ocrx_word' id='word_1_18' title='bbox 1420 1201 1584 1258; x_wconf 87' lang='lat' dir='ltr'>forulo,</span> 
     </span>
     <span class='ocr_line' id='line_1_5' title="bbox 85 1294 1561 1355; baseline 0.001 -16"><span class='ocrx_word' id='word_1_19' title='bbox 85 1294 209 1340; x_wconf 89' lang='lat' dir='ltr'>nullo</span> <span class='ocrx_word' id='word_1_20' title='bbox 242 1309 407 1354; x_wconf 78' lang='lat' dir='ltr'>negare.</span> <span class='ocrx_word' id='word_1_21' title='bbox 442 1309 622 1355; x_wconf 86' lang='lat' dir='ltr'>possum</span> <span class='ocrx_word' id='word_1_22' title='bbox 658 1301 811 1355; x_wconf 88' lang='lat' dir='ltr'>pacto;</span> <span class='ocrx_word' id='word_1_23' title='bbox 857 1301 926 1339; x_wconf 85' lang='lat' dir='ltr'>ast</span> <span class='ocrx_word' id='word_1_24' title='bbox 960 1296 1124 1339; x_wconf 91' lang='lat' dir='ltr'>mirum</span> <span class='ocrx_word' id='word_1_25' title='bbox 1161 1296 1204 1340; x_wconf 88' lang='lat' dir='ltr'>in</span> <span class='ocrx_word' id='word_1_26' title='bbox 1241 1295 1422 1341; x_wconf 89' lang='lat' dir='ltr'>modum</span> <span class='ocrx_word' id='word_1_27' title='bbox 1458 1312 1561 1341; x_wconf 80' lang='lat' dir='ltr'>exar</span> 
     </span>
     <span class='ocr_line' id='line_1_6' title="bbox 82 1386 1589 1448; baseline 0.003 -18"><span class='ocrx_word' id='word_1_28' title='bbox 82 1386 264 1431; x_wconf 86' lang='lat' dir='ltr'>descere</span> <span class='ocrx_word' id='word_1_29' title='bbox 298 1389 343 1432; x_wconf 89' lang='lat' dir='ltr'>in</span> <span class='ocrx_word' id='word_1_30' title='bbox 378 1389 512 1432; x_wconf 85' lang='lat' dir='ltr'>terris</span> <span class='ocrx_word' id='word_1_31' title='bbox 544 1388 790 1448; x_wconf 76' lang='lat' dir='ltr'><strong>peregrinis</strong></span> <span class='ocrx_word' id='word_1_32' title='bbox 826 1389 968 1431; x_wconf 88' lang='lat' dir='ltr'>omnis</span> <span class='ocrx_word' id='word_1_33' title='bbox 995 1388 1170 1447; x_wconf 90' lang='lat' dir='ltr'>generis</span> <span class='ocrx_word' id='word_1_34' title='bbox 1205 1388 1436 1433; x_wconf 83' lang='lat' dir='ltr'>literarum</span> <span class='ocrx_word' id='word_1_35' title='bbox 1463 1405 1589 1434; x_wconf 89' lang='lat' dir='ltr'>amo-</span> 
     </span>
     <span class='ocr_line' id='line_1_7' title="bbox 84 1479 1587 1544; baseline 0.004 -21"><span class='ocrx_word' id='word_1_36' title='bbox 84 1494 192 1535; x_wconf 87' lang='lat' dir='ltr'>rem,</span> <span class='ocrx_word' id='word_1_37' title='bbox 229 1487 281 1524; x_wconf 88' lang='lat' dir='ltr'>ut</span> <span class='ocrx_word' id='word_1_38' title='bbox 317 1482 448 1525; x_wconf 88' lang='lat' dir='ltr'>etiam</span> <span class='ocrx_word' id='word_1_39' title='bbox 485 1479 611 1526; x_wconf 88' lang='lat' dir='ltr'>foeda</span> <span class='ocrx_word' id='word_1_40' title='bbox 648 1480 872 1526; x_wconf 88' lang='lat' dir='ltr'>tractandi</span> <span class='ocrx_word' id='word_1_41' title='bbox 910 1481 1150 1527; x_wconf 79' lang='lat' dir='ltr'>evadamus</span> <span class='ocrx_word' id='word_1_42' title='bbox 1182 1483 1325 1544; x_wconf 86' lang='lat' dir='ltr'>proni,</span> <span class='ocrx_word' id='word_1_43' title='bbox 1370 1485 1469 1544; x_wconf 92' lang='lat' dir='ltr'>quis</span> <span class='ocrx_word' id='word_1_44' title='bbox 1503 1499 1587 1529; x_wconf 91' lang='lat' dir='ltr'>na-</span> 
     </span>
    </p>
   </div>
   <div class='ocr_carea' id='block_1_4' title="bbox 83 1569 988 1619">
    <p class='ocr_par' dir='ltr' id='par_1_4' title="bbox 83 1569 988 1619">
     <span class='ocr_line' id='line_1_8' title="bbox 83 1569 988 1619; baseline 0.002 -2"><span class='ocrx_word' id='word_1_45' title='bbox 83 1579 213 1618; x_wconf 88' lang='lat' dir='ltr'>turae</span> <span class='ocrx_word' id='word_1_46' title='bbox 247 1580 555 1618; x_wconf 70' lang='lat' dir='ltr'>scrutatorum</span> <span class='ocrx_word' id='word_1_47' title='bbox 588 1569 755 1618; x_wconf 86' lang='lat' dir='ltr'>infitias</span> <span class='ocrx_word' id='word_1_48' title='bbox 790 1573 892 1619; x_wconf 85' lang='lat' dir='ltr'>ibit!</span> <span class='ocrx_word' id='word_1_49' title='bbox 931 1599 988 1607; x_wconf 89' lang='lat'>—</span> 
     </span>
    </p>
   </div>
   <div class='ocr_carea' id='block_1_5' title="bbox 34 1680 1586 2304">
    <p class='ocr_par' dir='ltr' id='par_1_5' title="bbox 34 1680 1586 2304">
     <span class='ocr_line' id='line_1_9' title="bbox 147 1680 1584 1730; baseline 0.003 -5"><span class='ocrx_word' id='word_1_50' title='bbox 147 1680 260 1725; x_wconf 86' lang='lat' dir='ltr'>Hinc</span> <span class='ocrx_word' id='word_1_51' title='bbox 309 1681 354 1726; x_wconf 90' lang='lat' dir='ltr'>in</span> <span class='ocrx_word' id='word_1_52' title='bbox 397 1680 595 1726; x_wconf 83' lang='lat' dir='ltr'>Caucaso</span> <span class='ocrx_word' id='word_1_53' title='bbox 646 1688 692 1726; x_wconf 82' lang='lat' dir='ltr'>et</span> <span class='ocrx_word' id='word_1_54' title='bbox 733 1681 1083 1727; x_wconf 87' lang='lat' dir='ltr'>Transcaucasia</span> <span class='ocrx_word' id='word_1_55' title='bbox 1128 1681 1251 1727; x_wconf 90' lang='lat' dir='ltr'>horis</span> <span class='ocrx_word' id='word_1_56' title='bbox 1290 1682 1519 1728; x_wconf 77' lang='lat' dir='ltr'>nonnullis</span> <span class='ocrx_word' id='word_1_57' title='bbox 1560 1700 1584 1730; x_wconf 86' lang='lat' dir='ltr'>a</span> 
     </span>
     <span class='ocr_line' id='line_1_10' title="bbox 83 1775 1586 1838; baseline 0.004 -19"><span class='ocrx_word' id='word_1_58' title='bbox 83 1777 274 1834; x_wconf 87' lang='lat' dir='ltr'>negotiis</span> <span class='ocrx_word' id='word_1_59' title='bbox 308 1775 527 1820; x_wconf 86' lang='lat' dir='ltr'>botanicis</span> <span class='ocrx_word' id='word_1_60' title='bbox 561 1777 744 1837; x_wconf 90' lang='lat' dir='ltr'>aliisque</span> <span class='ocrx_word' id='word_1_61' title='bbox 779 1777 929 1821; x_wconf 87' lang='lat' dir='ltr'>liberis</span> <span class='ocrx_word' id='word_1_62' title='bbox 962 1778 1296 1838; x_wconf 77' lang='lat' dir='ltr'>Hemipccris</span> <span class='ocrx_word' id='word_1_63' title='bbox 1330 1781 1462 1824; x_wconf 88' lang='lat' dir='ltr'>etiam</span> <span class='ocrx_word' id='word_1_64' title='bbox 1501 1781 1586 1825; x_wconf 91' lang='lat' dir='ltr'>im-</span> 
     </span>
     <span class='ocr_line' id='line_1_11' title="bbox 82 1868 1584 1931; baseline 0.003 -20"><span class='ocrx_word' id='word_1_65' title='bbox 82 1870 257 1928; x_wconf 81' lang='lat' dir='ltr'>pertitis</span> <span class='ocrx_word' id='word_1_66' title='bbox 290 1876 516 1912; x_wconf 78' lang='lat' dir='ltr'>trecentas</span> <span class='ocrx_word' id='word_1_67' title='bbox 549 1868 710 1928; x_wconf 79' lang='lat' dir='ltr'>collegi</span> <span class='ocrx_word' id='word_1_68' title='bbox 745 1870 929 1928; x_wconf 83' lang='lat' dir='ltr'>species,</span> <span class='ocrx_word' id='word_1_69' title='bbox 957 1884 1157 1928; x_wconf 83' lang='lat' dir='ltr'>quarum</span> <span class='ocrx_word' id='word_1_70' title='bbox 1191 1869 1411 1915; x_wconf 86' lang='lat' dir='ltr'>ducentae</span> <span class='ocrx_word' id='word_1_71' title='bbox 1449 1871 1584 1931; x_wconf 89' lang='lat' dir='ltr'>quin-</span> 
     </span>
     <span class='ocr_line' id='line_1_12' title="bbox 82 1961 1583 2025; baseline 0.003 -22"><span class='ocrx_word' id='word_1_72' title='bbox 82 1961 296 2020; x_wconf 83' lang='lat' dir='ltr'>quaginta</span> <span class='ocrx_word' id='word_1_73' title='bbox 347 1961 402 2005; x_wconf 87' lang='lat' dir='ltr'>ad</span> <span class='ocrx_word' id='word_1_74' title='bbox 440 1962 730 2022; x_wconf 69' lang='lat' dir='ltr'>Helm-optem</span> <span class='ocrx_word' id='word_1_75' title='bbox 775 1969 821 2006; x_wconf 87' lang='lat' dir='ltr'>et</span> <span class='ocrx_word' id='word_1_76' title='bbox 862 1963 1187 2022; x_wconf 79' lang='lat' dir='ltr'>quinquaginta</span> <span class='ocrx_word' id='word_1_77' title='bbox 1224 1963 1279 2007; x_wconf 85' lang='lat' dir='ltr'>ad</span> <span class='ocrx_word' id='word_1_78' title='bbox 1317 1963 1583 2025; x_wconf 75' lang='lat' dir='ltr'>Homoptera</span> 
     </span>
     <span class='ocr_line' id='line_1_13' title="bbox 78 2053 1584 2119; baseline 0.003 -23"><span class='ocrx_word' id='word_1_79' title='bbox 78 2060 299 2113; x_wconf 85' lang='lat' dir='ltr'>spectant.</span> <span class='ocrx_word' id='word_1_80' title='bbox 369 2053 537 2099; x_wconf 84' lang='lat' dir='ltr'>Harum</span> <span class='ocrx_word' id='word_1_81' title='bbox 573 2062 810 2099; x_wconf 88' lang='lat' dir='ltr'>evaserunt</span> <span class='ocrx_word' id='word_1_82' title='bbox 843 2056 1013 2115; x_wconf 75' lang='lat' dir='ltr'>species</span> <span class='ocrx_word' id='word_1_83' title='bbox 1047 2070 1187 2119; x_wconf 88' lang='lat' dir='ltr'>novae</span> <span class='ocrx_word' id='word_1_84' title='bbox 1222 2056 1492 2116; x_wconf 84' lang='lat' dir='ltr'>quindecim,</span> <span class='ocrx_word' id='word_1_85' title='bbox 1529 2058 1584 2102; x_wconf 95' lang='lat' dir='ltr'>il—</span> 
     </span>
     <span class='ocr_line' id='line_1_14' title="bbox 80 2146 1582 2208; baseline 0.004 -19"><span class='ocrx_word' id='word_1_86' title='bbox 80 2146 226 2191; x_wconf 89' lang='lat' dir='ltr'>larum</span> <span class='ocrx_word' id='word_1_87' title='bbox 262 2149 589 2207; x_wconf 81' lang='lat' dir='ltr'>quinquaginta</span> <span class='ocrx_word' id='word_1_88' title='bbox 625 2149 836 2208; x_wconf 86' lang='lat' dir='ltr'>quinque.</span> <span class='ocrx_word' id='word_1_89' title='bbox 882 2147 1181 2193; x_wconf 86' lang='lat' dir='ltr'>Nihilominus</span> <span class='ocrx_word' id='word_1_90' title='bbox 1222 2156 1371 2195; x_wconf 87' lang='lat' dir='ltr'>tamen</span> <span class='ocrx_word' id='word_1_91' title='bbox 1408 2150 1582 2195; x_wconf 91' lang='lat' dir='ltr'>Cauca-</span> 
     </span>
     <span class='ocr_line' id='line_1_15' title="bbox 34 2241 1580 2304; baseline 0.004 -22"><span class='ocrx_word' id='word_1_92' title='bbox 34 2302 37 2304; x_wconf 23' lang='lat'>·</span> <span class='ocrx_word' id='word_1_93' title='bbox 79 2254 177 2283; x_wconf 91' lang='lat' dir='ltr'>sum</span> <span class='ocrx_word' id='word_1_94' title='bbox 217 2247 262 2284; x_wconf 87' lang='lat' dir='ltr'>et</span> <span class='ocrx_word' id='word_1_95' title='bbox 295 2241 715 2298; x_wconf 80' lang='lat' dir='ltr'>Transcaucasiam,</span> <span class='ocrx_word' id='word_1_96' title='bbox 769 2243 931 2303; x_wconf 86' lang='lat' dir='ltr'>plantis</span> <span class='ocrx_word' id='word_1_97' title='bbox 966 2249 1011 2286; x_wconf 85' lang='lat' dir='ltr'>et</span> <span class='ocrx_word' id='word_1_98' title='bbox 1045 2243 1323 2287; x_wconf 86' lang='lat' dir='ltr'>animalculis</span> <span class='ocrx_word' id='word_1_99' title='bbox 1358 2244 1580 2304; x_wconf 86' lang='lat' dir='ltr'>praedivi-</span> 
     </span>
    </p>
   </div>
   <div class='ocr_carea' id='block_1_6' title="bbox 78 2333 1580 2469">
    <p class='ocr_par' dir='ltr' id='par_1_6' title="bbox 78 2333 1580 2469">
     <span class='ocr_line' id='line_1_16' title="bbox 79 2333 1580 2420; baseline 0.005 -45"><span class='ocrx_word' id='word_1_100' title='bbox 79 2337 183 2387; x_wconf 83' lang='lat' dir='ltr'>tem,</span> <span class='ocrx_word' id='word_1_101' title='bbox 221 2346 461 2377; x_wconf 89' lang='lat' dir='ltr'>numerum</span> <span class='ocrx_word' id='word_1_102' title='bbox 497 2333 645 2378; x_wconf 85' lang='lat' dir='ltr'>adhuc</span> <span class='ocrx_word' id='word_1_103' title='bbox 680 2337 912 2380; x_wconf 84' lang='lat' dir='ltr'>continere</span> <span class='ocrx_word' id='word_1_104' title='bbox 948 2337 1300 2398; x_wconf 46' lang='lat' dir='ltr'>Hemzptmwmmn</span> <span class='ocrx_word' id='word_1_105' title='bbox 1334 2337 1520 2420; x_wconf 85' lang='lat' dir='ltr'>duplum</span> <span class='ocrx_word' id='word_1_106' title='bbox 1556 2353 1580 2381; x_wconf 87' lang='lat' dir='ltr'>e</span> 
     </span>
     <span class='ocr_line' id='line_1_17' title="bbox 78 2411 822 2469; baseline 0.006 -16"><span class='ocrx_word' id='word_1_107' title='bbox 78 2411 369 2469; x_wconf 85' lang='lat' dir='ltr'>sequentibus</span> <span class='ocrx_word' id='word_1_108' title='bbox 404 2411 626 2456; x_wconf 82' lang='lat' dir='ltr'>deducere</span> <span class='ocrx_word' id='word_1_109' title='bbox 658 2413 822 2458; x_wconf 83' lang='lat' dir='ltr'>audeo:</span> 
     </span>
    </p>
   </div>
   <div class='ocr_carea' id='block_1_7' title="bbox 84 2517 980 2579">
    <p class='ocr_par' dir='ltr' id='par_1_7' title="bbox 84 2517 980 2579">
     <span class='ocr_line' id='line_1_18' title="bbox 84 2517 980 2579; baseline 0.006 -19"><span class='ocrx_word' id='word_1_110' title='bbox 84 2520 124 2561; x_wconf 83' lang='lat'>1.</span> <span class='ocrx_word' id='word_1_111' title='bbox 161 2531 183 2559; x_wconf 90' lang='lat' dir='ltr'>e</span> <span class='ocrx_word' id='word_1_112' title='bbox 218 2517 451 2578; x_wconf 84' lang='lat' dir='ltr'>multiplici</span> <span class='ocrx_word' id='word_1_113' title='bbox 489 2519 743 2579; x_wconf 87' lang='lat' dir='ltr'>plantarum</span> <span class='ocrx_word' id='word_1_114' title='bbox 778 2520 980 2577; x_wconf 84' lang='lat' dir='ltr'>cohorte,</span> 
     </span>
    </p>
   </div>
   <div class='ocr_carea' id='block_1_8' title="bbox 81 2621 1577 2686">
    <p class='ocr_par' dir='ltr' id='par_1_8' title="bbox 81 2621 1577 2686">
     <span class='ocr_line' id='line_1_19' title="bbox 81 2621 1577 2686; baseline 0.005 -22"><span class='ocrx_word' id='word_1_115' title='bbox 81 2621 124 2665; x_wconf 78' lang='lat'>2.</span> <span class='ocrx_word' id='word_1_116' title='bbox 160 2622 280 2681; x_wconf 87' lang='lat' dir='ltr'>quod</span> <span class='ocrx_word' id='word_1_117' title='bbox 322 2639 426 2669; x_wconf 89' lang='lat' dir='ltr'>aves</span> <span class='ocrx_word' id='word_1_118' title='bbox 467 2633 512 2670; x_wconf 94' lang='lat' dir='ltr'>et</span> <span class='ocrx_word' id='word_1_119' title='bbox 548 2627 720 2686; x_wconf 87' lang='lat' dir='ltr'>reptilia</span> <span class='ocrx_word' id='word_1_120' title='bbox 757 2634 955 2686; x_wconf 79' lang='lat' dir='ltr'>egestate</span> <span class='ocrx_word' id='word_1_121' title='bbox 992 2634 1168 2672; x_wconf 82' lang='lat' dir='ltr'>tantum</span> <span class='ocrx_word' id='word_1_122' title='bbox 1205 2635 1360 2672; x_wconf 83' lang='lat' dir='ltr'>coacta</span> <span class='ocrx_word' id='word_1_123' title='bbox 1399 2630 1577 2672; x_wconf 75' lang='lat' dir='ltr'>cimices</span> 
     </span>
    </p>
   </div>
   <div class='ocr_carea' id='block_1_9' title="bbox 89 2715 1308 2844">
    <p class='ocr_par' dir='ltr' id='par_1_9' title="bbox 89 2715 1308 2844">
     <span class='ocr_line' id='line_1_20' title="bbox 160 2715 388 2773; baseline 0.018 -15"><span class='ocrx_word' id='word_1_124' title='bbox 160 2715 388 2773; x_wconf 85' lang='lat' dir='ltr'>devorent,</span> 
     </span>
     <span class='ocr_line' id='line_1_21' title="bbox 89 2806 1308 2844; baseline 0.002 -3"><span class='ocrx_word' id='word_1_125' title='bbox 89 2806 261 2841; x_wconf 74' lang='lat' dir='ltr'>October.</span> <span class='ocrx_word' id='word_1_126' title='bbox 314 2811 417 2844; x_wconf 63' lang='lat'><strong>1845.</strong></span> <span class='ocrx_word' id='word_1_127' title='bbox 1299 2814 1308 2844; x_wconf 83' lang='lat' dir='ltr'>l</span> 
     </span>
    </p>
   </div>
  </div>
 </body>
</html>
