2021 3146
1016 145 1342 188 ...Μ-

475 289 518 332 8.
555 287 769 343 Labrum,
805 287 966 331 lamina
1001 284 1216 335 coriacea‚

549 381 670 426 quae
721 367 1018 409 instrumenta
1061 360 1227 406 cibaria

557 451 738 488 externe
763 457 919 487 versus
940 442 1080 486 basim
1113 440 1245 498 tegit.
1282 435 1396 480 Vide
1430 434 1543 480 Tab.

475 524 518 568 9.
556 522 794 576 Lamelloe,
848 535 960 580 quae
996 520 1135 563 latera
1178 531 1253 562 ro-

555 605 669 648 stelli
705 609 872 662 tegunt
901 633 1241 646 ...........
1337 614 1356 640 ))

444 685 516 729 10.
555 683 804 736 Labellum,
835 681 995 725 lamina
1022 680 1258 738 angustior

441 759 445 761 Δ
558 763 776 816 coriacea,
803 774 916 820 quae
952 765 1148 803 setarum
1187 758 1257 800 in-

556 842 796 885 sertionem
832 846 1011 883 externe
1045 838 1246 896 obtegit.
1338 852 1357 878 »

446 924 518 967 11.
558 917 875 979 Rostellumffi.

549 995 586 1055 ῘΪ
624 998 861 1043 Articulus
895 996 1054 1042 besalis
1090 995 1160 1040 vel

892 1077 1060 1136 primus
1095 1109 1237 1119 .....
1332 1089 1351 1114 »

536 1173 592 1218 {y-
728 1173 747 1198 »
894 1153 1144 1200 secundus,
1169 1189 1178 1198 .
1202 1188 1212 1197 .
1236 1187 1245 1196 .
1338 1168 1357 1193 »

539 1235 568 1279 h
725 1252 743 1277 ›)
891 1235 1054 1278 tertius
1099 1266 1242 1276 .....
1337 1247 1356 1272 »

554 1317 580 1359 ι’.
719 1332 738 1357 »
888 1319 1076 1373 quartus
1111 1310 1182 1356 vel

613 1393 793 1454 apicalis
829 1390 864 1438 .’
864 1426 1240 1437 ............
1339 1406 1358 1431 »

545 1489 580 1519 ε.
618 1472 724 1518 Sela
759 1471 905 1517 media
941 1471 1074 1531 (labii
1105 1471 1256 1515 locum

617 1551 793 1612 tenens)
838 1584 1245 1596 .............
1340 1564 1358 1590 ›>

538 1635 582 1689 ζ.
619 1631 749 1677 Setae
777 1631 991 1675 laterales
1019 1628 1252 1688 (maxilla-

627 1726 728 1755 rum
762 1710 911 1754 locum
945 1706 1169 1766 tenentes)
1235 1743 1243 1751 .
1340 1725 1359 1749 »

557 1809 596 1847 η.
634 1790 798 1849 Ligula
826 1789 868 1850 (a
884 1787 1044 1832 labello
1064 1785 1262 1846 obtecta)
1348 1804 1366 1828 »

539 1871 590 1915 θ.
630 1870 771 1929 Ραῑρί
805 1868 999 1912 labiales
1036 1865 1197 1925 (supra
1232 1880 1256 1909 a

628 1949 756 2001 setis,
807 1946 969 1990 subtus
1003 1959 1028 1988 a
1073 1943 1255 1988 rostello

635 2022 821 2083 obtecti)
839 2055 1249 2067 .............
1344 2037 1364 2063 »

508 2103 605 2150 (NB.
630 2100 757 2149 Ligula
784 2108 822 2135 et
842 2098 942 2148 palpi
963 2098 1259 2133 membranaceae

509 2168 547 2201 in
570 2163 768 2200 individuis
794 2162 986 2197 exsiccatis
1006 2161 1262 2197 contrahendo

510 2229 617 2264 valde
654 2229 951 2271 imminuuntur).

411 2295 482 2342 ΠΙ.
522 2295 767 2343 Collare,
805 2306 905 2351 pars
933 2291 1088 2351 capitis
1118 2291 1258 2351 posti-

527 2389 578 2418 ca
614 2378 866 2426 coarctata,
904 2370 1160 2430 prothoraei
1196 2371 1267 2415 in-

526 2458 645 2496 serta
679 2457 759 2494 aut
792 2450 847 2494 ab
884 2448 960 2493 illo
996 2448 1242 2494 obtecta..
1338 2465 1357 2491 »

1579 433 1653 479 Ill.
1693 432 1769 478 IV.
1806 431 1883 477 Vl.

1469 613 1488 639 »
1582 593 1658 639 IV.
1689 595 1733 639 9.

1480 851 1499 876 »
1589 831 1666 877 lV.
1702 830 1778 876 VI.

1469 1087 1487 1113 »
1613 1089 1631 1114 υ
1724 1086 1742 1111 υ

1476 1168 1494 1192 ))
1618 1168 1636 1193 ))
1729 1166 1747 1189 ὶ)

1471 1246 1490 1271 »
1610 1248 1629 1272 ω
1724 1244 1742 1270 »

1477 1406 1495 1431 »
1620 1405 1639 1430 »
1731 1404 1750 1430 ›>

1472 1565 1491 1589 »
1617 1564 1636 1589 »
1729 1564 1748 1588 »

1478 1723 1498 1748 n
1621 1722 1640 1748 »
1733 1721 1753 1747 »

1482 1803 1501 1828 »
1627 1801 1646 1827 ›)
1738 1801 1758 1827 »

1477 2038 1496 2063 »
1619 2037 1639 2064 »
1730 2038 1750 2063 »

1467 2466 1486 2492 »
1564 2447 1640 2494 IV.

461 2617 501 2660 ³91)
540 2612 748 2650 Rostellum
785 2611 837 2646 nil
875 2613 944 2647 nisi
965 2620 1144 2659 ¹mentum
1179 2612 1342 2648 ostendit
1379 2612 1637 2662 prolongatum
1672 2625 1755 2647 cum
1788 2611 1921 2648 lamina

414 2677 597 2720 involuta,
623 2689 705 2711 nam
736 2675 922 2711 rostellum
952 2689 1154 2725 numquam
1182 2676 1347 2711 clausum
1375 2678 1583 2719 invenitur,
1618 2688 1769 2725 semper
1795 2685 1920 2712 autem

414 2740 604 2792 profunde
631 2739 810 2775 sulcatum
839 2745 901 2774 aut
928 2741 1050 2787 potius
1077 2739 1295 2775 involutum.
