2021 3146
555 277 594 319 Q.

504 1560 585 1591 vll.

549 2461 598 2488 (ι).

981 118 1174 161 -38

635 261 925 304 Commissum
950 258 1069 302 clavi
1091 254 1211 315 (olim

638 337 837 396 sutura),
892 351 1049 395 margo
1082 334 1209 386 clavi,

636 431 750 476 quae
804 429 907 460 cum
961 414 1164 474 opposita

632 495 803 540 collidit
816 528 1190 540 ............

634 586 840 648 Anyulus
881 589 1014 640 olavi,
1067 600 1200 647 quom

632 675 789 713 sutura
833 674 878 711 ot
913 668 1201 712 commissura

629 747 741 792 clavi
776 744 974 798 formant
1011 784 1020 792 .

628 823 831 886 Anqulus
867 827 1123 871 scutellaris

627 907 754 961 clavi,
776 921 909 967 quem
927 920 1082 965 margo
1102 920 1207 950 scu-

622 984 790 1029 tellaris
830 992 875 1029 ot
915 986 1204 1030 commissura

627 1065 739 1109 clavi
773 1064 990 1110 formant.
1015 1101 1023 1110 .
1048 1101 1057 1110 .
1080 1100 1090 1109 .
1117 1101 1119 1105 .
1147 1100 1154 1107 .
1179 1099 1188 1107 .

624 1144 865 1206 Appendioe
907 1148 998 1190 sive
1041 1159 1204 1190 cuneus

629 1226 719 1269 sive
743 1240 853 1271 area
880 1226 1083 1287 apioalis,
1110 1239 1212 1285 pars

626 1303 876 1364 hemielytri
921 1305 1101 1365 apicalis
1134 1318 1214 1348 co-

622 1385 769 1429 riacea
819 1385 938 1429 inter
986 1383 1210 1428 membra-

620 1478 724 1509 nam
756 1471 802 1509 et
835 1465 1007 1509 corium
1041 1465 1209 1508 inserta

620 1546 910 1591 Commissum
951 1543 1207 1606 appendicis

627 1625 697 1669 vel
730 1627 870 1680 cunei,
906 1626 951 1669 in
986 1640 1073 1685 qua
1107 1637 1212 1669 cum

626 1705 750 1748 corio
779 1704 992 1765 jungitur
1019 1737 1195 1748 ......

625 1784 900 1839 Membrana,
932 1798 1035 1844 pars
1060 1781 1204 1827 hemi-

624 1862 753 1920 elytri
803 1864 974 1923 postica
1023 1862 1198 1920 hyalino

624 1948 704 1985 aut
737 1940 956 2001 diaphana
985 1975 1192 1985 .......

633 2033 842 2088 Cellulae,
860 2048 883 2078 a
901 2033 1051 2078 nervis
1067 2044 1207 2075 mem-

630 2111 794 2157 branae
829 2110 1043 2156 formatae
1081 2148 1090 2156 .
1114 2147 1123 2156 .
1148 2147 1156 2156 .
1181 2146 1190 2155 .

1286 490 1397 535 Vide
1433 490 1544 534 Tah.
1614 486 1683 532 ΙΙΙ.
1755 484 1829 529 lV.

1337 761 1354 785 ))

1341 1080 1359 1103 ))

1347 1479 1366 1504 ))

1345 1717 1363 1742 >)

1342 1956 1360 1979 i)

1341 2127 1359 2152 ))

631 2205 787 2265 Μαν90
829 2203 1084 2262 lwmielytri
1121 2218 1199 2248 6:12-
1239 2253 1241 2255 .

628 2291 779 2329 ternus
803 2283 873 2328 vel
898 2285 1069 2329 arilicus
1097 2282 1198 2344 (he-

629 2364 833 2423 mielytro
868 2362 1074 2425 expanso)
1118 2398 1128 2408 .
1151 2400 1160 2408 .
1185 2398 1194 2407 .

635 2442 1087 2505 Maryodbhemielytri
1122 2455 1206 2502 po-

630 2524 761 2567 sticas
796 2521 866 2565 vel
901 2535 1054 2581 mar-90
1095 2523 1208 2566 corii-

621 2604 811 2662 poscicus
859 2601 929 2645 vel
978 2607 1137 2664 sutura

628 2679 906 2724 membranae
948 2680 973 2723 i.
1013 2693 1049 2723 e.
1086 2678 1200 2723 linea

1346 2377 1365 2402 ))

1489 759 1506 783 »
1639 758 1658 782 »
1792 755 1810 779 »

1495 1078 1512 1100 »
1648 1076 1666 1099 J)
1803 1074 1820 1096 ι)

1501 1477 1519 1501 »
1595 1456 1670 1501 IV.

1500 1714 1517 1739 »
1618 1712 1637 1737 »

1495 1953 1512 1978 ι)
1578 1933 1650 1980 ΠΙ.
1729 1932 1805 1980 IV.

1504 2126 1523 2151 »
1588 2106 1664 2154 IV.

1509 2373 1530 2400 n
1607 2355 1678 2401 Ill.
1766 2355 1839 2400 lv.
